@techreport{timmer2012world,
  title={The world input-output database (WIOD): contents, sources and methods},
  author={Timmer, Marcel and Erumban, Abdul A and Gouma, Reitze and Los, Bart and Temurshoev, Umed and de Vries, Gaaitzen J and Arto, I--aki and Genty, Valeria Andreoni Aur{\v{Z}}lien and Neuwahl, Frederik and Francois, Joseph and others},
  year={2012},
  institution={Institue for International and Development Economics}
}

@article{edmonds1972theoretical,
  title={Theoretical improvements in algorithmic efficiency for network flow problems},
  author={Edmonds, Jack and Karp, Richard M},
  journal={Journal of the ACM (JACM)},
  volume={19},
  number={2},
  pages={248--264},
  year={1972},
  publisher={ACM}
}

@article{song2005self,
  title={Self-similarity of complex networks},
  author={Song, Chaoming and Havlin, Shlomo and Makse, Hernan A},
  journal={Nature},
  volume={433},
  number={7024},
  pages={392--395},
  year={2005},
  publisher={Nature Publishing Group}
}